@book{chargerBuch,
  author    = {Yevgen Barsukov, Jinrong Qian},
  title     = {Battery Power Management for Portable Devices},
  publisher = {Artech House},
  address   = {Norwood, MA},
  year      = {2013}
}

@online{usbProtokoll,
  author = {{microcontroller.net}},
  title  = {IPod Ladegerät},
  url    = {https://www.mikrocontroller.net/articles/IPod_Ladeger%C3%A4t}
}


@online{socTable,
  author = {{promodeler.com}},
  title  = {Care and Feeding of LiPo Packs},
  url    = {https://www.promodeler.com/askJohn/Care%20and%20feeding%20of%20LiPo%20packs/LiPo-Capacity-v-Voltage.jpg
            },
  note   = {Da der Link zum Artikel nicht mehr funktioniert, ist nur die Bildadresse gegeben.}
}

@misc{front:SolarTime,
  author       = {},
  title        = {Solar Time | PVEducation},
  howpublished = {\url{https://www.pveducation.org/pvcdrom/properties-of-sunlight/solar-time}},
  month        = {},
  year         = {},
  note         = {(Accessed on 07/14/2023)}
}

@online{microfarat,
  author = {Karim Hraibi},
  title  = {Lithium-Ion Battery Charger},
  url    = {https://www.microfarad.de/li-charger/}
}

@online{socTable,
  author = {{promodeler.com}},
  title  = {Care and Feeding of LiPo Packs},
  url    = {https://www.promodeler.com/askJohn/Care%20and%20feeding%20of%20LiPo%20packs/LiPo-Capacity-v-Voltage.jpg
            },
  note   = {Da der Link zum Artikel nicht mehr funktioniert, ist nur die Bildadresse gegeben.}
}

@online{microfarat,
  author = {Karim Hraibi},
  title  = {Lithium-Ion Battery Charger},
  url    = {https://www.microfarad.de/li-charger/}
}

@online{socTable,
  author = {{promodeler.com}},
  title  = {Care and Feeding of LiPo Packs},
  url    = {https://www.promodeler.com/askJohn/Care%20and%20feeding%20of%20LiPo%20packs/LiPo-Capacity-v-Voltage.jpg},
  note   = {Da der Link zum Artikel nicht mehr funktioniert, ist nur die Bildadresse gegeben.}
}

@online{quickCharge,
  author = {{Qualcomm Inc}},
  title  = {Qualcomm Quick Charge 1.0: Less Time Charging, More Time Doing},
  url    = {https://www.qualcomm.com/news/onq/2013/02/qualcomm-quick-charge-10-less-time-charging-more-time-doing}
}

@manual{linearregler,
  author       = {{ST Microelectronics}},
  organisation = {ST Microelectronics Inc},
  title        = {L78xx, L78xxC, L78xxAB, L78xxAC},
  howpublished = {\url{https://asset.conrad.com/media10/add/160267/c1/-/en/000179205DS01/datenblatt-179205-stmicroelectronics-l7805cv-spannungsregler-linear-typ78-to-220ab-positiv-fest-5-v-15-a.pdf}}
}

@manual{servomotor,
  author       = {{Blue Bird Technology}},
  organization = {Blue Bird Technology Co., Ltd.},
  title        = {High Torque Large Servo},
  howpublished = {\url{https://asset.conrad.com/media10/add/160267/c1/-/en/000275465DS00/datenblatt-275465-bluebird-spezial-servo-bms-l530mg-analog-servo-getriebe-material-metall-stecksystem-jr.pdf}}
}

@manual{bipo,
  author       = {{Diotec Semiconductor}},
  organisation = {Diotec Semiconductor AG},
  title        = {BC546 ... BC549},
  howpublished = {\url{https://asset.conrad.com/media10/add/160267/c1/-/gl/000140539DS01/datenblatt-140539-diotec-transistor-bjt-diskret-bc547c-to-92-3-anzahl-kanaele-1-npn.pdf}}
}

@manual{irlml,
  author       = {{International Rectifier Corporation}},
  organisation = {International Rectifier Corporation},
  title        = {IRLML2244TRPbF},
  howpublished = {\url{https://www.infineon.com/dgdl/Infineon-IRLML2244-DataSheet-v01_01-EN.pdf}}
}

@manual{buckConverter,
  author       = {{Texas Instruments}},
  organisation = {Texas Instruments Inc},
  title        = {LM2576xx Series SIMPLE SWITCHER Power Converter 3-A Step-Down Voltage
                  Regulator},
  howpublished = {\url{https://www.ti.com/lit/ds/symlink/lm2576.pdf}}
}

@misc{falstad,
  author       = {Paul Falstad},
  title        = {Circuit Simulator Applet},
  howpublished = {\url{https://falstad.com/circuit/}}
}

@manual{irf,
  author       = {{International Rectifier Corporation}},
  organisation = {International Rectifier Corporation},
  title        = {IRF5305PbF},
  howpublished = {\url{https://www.infineon.com/dgdl/Infineon-IRF5305-DataSheet-v01_01-EN.pdf?fileId=5546d462533600a4015355e370101993}}
}

@misc{front:DeclinationAngle,
  author       = {},
  title        = {Declination Angle | PVEducation},
  howpublished = {\url{https://www.pveducation.org/pvcdrom/properties-of-sunlight/declination-angle}},
  month        = {},
  year         = {},
  note         = {(Accessed on 07/14/2023)}
}

@misc{front:ElevationAngle,
  author       = {},
  title        = {Elevation Angle | PVEducation},
  howpublished = {\url{https://www.pveducation.org/pvcdrom/properties-of-sunlight/elevation-angle}},
  month        = {},
  year         = {},
  note         = {(Accessed on 07/14/2023)}
}

@misc{front:AzimuthAngle,
  author       = {},
  title        = {Azimuth Angle | PVEducation},
  howpublished = {\url{https://www.pveducation.org/pvcdrom/properties-of-sunlight/azimuth-angle}},
  month        = {},
  year         = {},
  note         = {(Accessed on 07/14/2023)}
}

@misc{front:SkyDome:img,
  author       = {},
  title        = {2.13 Sky Dome and Projections | EME 810: Solar Resource Assessment and Economics},
  howpublished = {\url{https://www.e-education.psu.edu/eme810/node/534}},
  month        = {},
  year         = {},
  note         = {(Accessed on 07/14/2023)}
}

@misc{front:mui,
  author       = {},
  title        = {MUI: The React component library you always wanted},
  howpublished = {\url{https://mui.com/}},
  month        = {},
  year         = {},
  note         = {(Accessed on 07/14/2023)}
}

@misc{front:mqtt,
author = {},
title = {MQTT - The Standard for IoT Messaging},
howpublished = {\url{https://mqtt.org/}},
month = {},
year = {},
note = {(Accessed on 07/16/2023)}
}

@online{espidf:SPIFFS,
  author = {{Espressif Systems (Shanghai) Co., Ltd}},
  title  = {SPIFFS Filesystem},
  url    = {https://docs.espressif.com/projects/esp-idf/en/latest/esp32/api-reference/storage/spiffs.html},
  note   = {(Accessed on 07/02/2023)}
}

@online{dcf77_logs,
  author  = {t5b6_de},
  title   = {Über DCF77},
  url     = {https://www.dcf77logs.de/dcf77},
  urldate = {2023-07-10}
}

@online{dcf77_wetter,
  author  = {t5b6_de},
  title   = {Das Wetter},
  url     = {https://www.dcf77logs.de/wetter},
  urldate = {2023-07-10}
}

@online{nachabschaltung_algo,
  url     = {http://edwilliams.org/sunrise_sunset_algorithm.htm},
  title   = {Sunrise/Sunset Algorithm},
  urldate = {2023-07-15},
  author  = {Ed Williams}
}

@online{compasstilt,
  url     = {https://arduino.stackexchange.com/questions/18625/converting-three-axis-magnetometer-to-degrees/88707#88707},
  title   = {Converting three axis magnetometer to Degrees},
  urldate = {2023-07-16}
}

@book{aoe,
  place     = {New York, NY},
  edition   = {Third Edition Improved},
  title     = {The Art of Electronics},
  publisher = {Cambridge University Press},
  author    = {Horowitz, Paul and Hill, Winfield},
  year      = {2022}
}

@misc{LMC6462_data_sheet,
  url       = {https://www.ti.com/product/LMC6462},
  publisher = {Texas Instruments},
  author    = {Texas Instruments},
  title     = {LMC6462},
  urldate   = {2023-07-13}
}
